@Article{ellis2009,
author = {Ellis, Ryann K.},
title = {A {F}ield {G}uide to {L}earning {M}anagement {S}ystems},
year = {2009},
note = {\\ URL: \href{http://www.astd.org/NR/rdonlyres/12ECDB99-3B91-403E-9B15-7E597444645D/23395/LMS\_fieldguide\_20091.pdf}{http://www.astd.org/NR/rdonlyres/12ECDB...5/LMS\_fieldguide\_20091.pdf} \\ (utolsó hozzáférés: 2011.11.23.)}
}

@Article{lms,
author = {Wikipedia},
title = {List of learning management systems},
note = {\\ URL: \href{http://en.wikipedia.org/wiki/List\_of\_learning\_management\_systems}{http://en.wikipedia.org/wiki/List\_of\_learning\_management\_systems} \\ (utolsó hozzáférés: 2011.11.23.)}
}

@Article{moodleinstplus,
author = {Moodle.org},
title = {Installations 30000 plus},
note = {\\ URL: \href{http://docs.moodle.org/20/en/Installations\_30000\_plus}{http://docs.moodle.org/20/en/Installations\_30000\_plus} \\ (utolsó hozzáférés: 2011.11.23.)}
}

@Manual{ws2008sr,
title = {Windows {S}erver 2008 {S}ystem {R}equirements},
organization = {Microsoft},
year = {2007},
note = {\\ URL: \href{http://msdn.microsoft.com/en-us/windowsserver/cc196364}{http://msdn.microsoft.com/en-us/windowsserver/cc196364} \\ (utolsó hozzáférés: 2011.11.23.)},
}

@Manual{ubuntuminhr,
title = {Ubuntu {D}ocumentation - {U}buntu 11.10 - {U}buntu {I}nstallation {G}uide - {B}efore {I}nstalling {U}buntu - {M}eeting {M}inimum {H}ardware {R}equirements},
organization = {Canonical Ltd.},
note = {\\ URL: \href{https://help.ubuntu.com/11.10/installation-guide/i386/minimum-hardware-reqts.html}{https://help.ubuntu.com/11.10/installation-guide/i386/minimum-hardware-reqts.html} \\ (utolsó hozzáférés: 2011.11.23.)}
}

@Manual{redhatcaplim,
title = {Red Hat Enterprise Linux Technology capabilities and limits},
organization = {Red Hat, Inc.},
note = {\\ URL: \href{https://www.redhat.com/rhel/compare/}{https://www.redhat.com/rhel/compare/} \\ (utolsó hozzáférés: 2011.11.23.)}
}

@Article{moodleinst,
author = {Moodle.org},
title = {Installing {M}oodle},
note = {\\ URL: \href{http://docs.moodle.org/20/en/Installing\_Moodle}{http://docs.moodle.org/20/en/Installing\_Moodle} \\ (utolsó hozzáférés: 2011.11.23.)}
}

@Article{nistsp800-145,
author = {Peter Mell és Timothy Grance},
title = {The {NIST} {D}efinition of {C}loud {C}omputing},
year = {2011},
note = {\\ URL: \href{http://csrc.nist.gov/publications/nistpubs/800-145/SP800-145.pdf}{http://csrc.nist.gov/publications/nistpubs/800-145/SP800-145.pdf} \\ (utolsó hozzáférés: 2011.11.23.)}
}

@Article{serverside,
author = {Joseph Ottinger},
title = {What is an {A}pp {S}erver?},
year = {2008},
note = {\\ URL: \href{http://www.theserverside.com/news/1363671/What-is-an-App-Server}{http://www.theserverside.com/news/1363671/What-is-an-App-Server} \\ (utolsó hozzáférés: 2011.11.29.)}
}

@Article{ccwlinux,
author = {M. Tim Jones},
title = {Cloud computing with Linux - Cloud computing platforms and applications},
year = {2008},
note = {\\ URL: \href{http://download.boulder.ibm.com/ibmdl/pub/software/dw/linux/l-cloud-computing/l-cloud-computing-pdf.pdf}{http://download.boulder.ibm.com/ibmdl/pub/software/dw/linux/l-cloud-computing/l-cloud-computing-pdf.pdf} \\ (utolsó hozzáférés: 2011.11.30.)}
}

@Article{mizofr,
author = {Micskei Zoltán},
title = {Fürtözés és replikáció},
journal = {Intelligens rendszerfelügyelet, előadás diasor},
year = {2011}
}

% https://frame.neptun.bme.hu/hallgatoi/common_controls/SaveFileDialog.aspx?Type=&id=229988257&Func=LoginDocumentations
@Article{neptun1,
author = {BME KTH Neptun Üzemeltetés},
title = {A NEPTUN petícióhoz (2011.01.14.)},
note = {\\ URL: \href{http://bit.ly/ulqp9p\_otrkifl\_neptun1}{http://bit.ly/ulqp9p\_otrkifl\_neptun1} \\ (utolsó hozzáférés: 2011.12.04.)}
}

% https://frame.neptun.bme.hu/hallgatoi/common_controls/SaveFileDialog.aspx?Type=&id=229988331&Func=LoginDocumentations
@Article{neptun2,
author = {BME KTH Neptun Üzemeltetés},
title = {Terheléselosztó összeomlások (2011.01.14.)},
note = {\\ URL: \href{http://bit.ly/ulqp9p\_otrkifl\_neptun2}{http://bit.ly/ulqp9p\_otrkifl\_neptun2} \\ (utolsó hozzáférés: 2011.12.04.)}
}

% https://frame.neptun.bme.hu/hallgatoi/common_controls/SaveFileDialog.aspx?Type=&id=269993891&Func=LoginDocumentations
@Article{neptun3,
author = {BME KTH Neptun Üzemeltetés},
title = {Tantárgyfelvétel: zökkenővel (2011.06.08.)},
note = {\\ URL: \href{http://bit.ly/ulqp9p\_otrkifl\_neptun3}{http://bit.ly/ulqp9p\_otrkifl\_neptun3} \\ (utolsó hozzáférés: 2011.12.04.)}
}

% https://frame.neptun.bme.hu/hallgatoi/common_controls/SaveFileDialog.aspx?Type=&id=285268842&Func=LoginDocumentations
@Article{neptun4,
author = {BME KTH Neptun Üzemeltetés},
title = {Regisztráció: simán (2011.08.30.)},
note = {\\ URL: \href{http://bit.ly/ulqp9p\_otrkifl\_neptun4}{http://bit.ly/ulqp9p\_otrkifl\_neptun4} \\ (utolsó hozzáférés: 2011.12.04.)}
}

% https://frame.neptun.bme.hu/hallgatoi/common_controls/SaveFileDialog.aspx?Type=&id=297014131&Func=LoginDocumentations
@Article{neptun5,
author = {BME KTH Neptun Üzemeltetés},
title = {Vizsgajelentkezés: zökkenővel (2011.11.30.)},
note = {\\ URL: \href{http://bit.ly/ulqp9p\_otrkifl\_neptun5}{http://bit.ly/ulqp9p\_otrkifl\_neptun5} \\ (utolsó hozzáférés: 2011.12.04.)}
}

@Article{aftsarapms,
author = {Jean Pierre Campagne és Jacques Henri Jacot és Yannick Frein és Gérald Vitry},
title = {A Framework to Specify a Reactive and Proactive Management System},
year = {1995}
}
